@InProceedings{tm1,
author="Meng, L.
and Tsuji, T.
and Izumi, T.
and Ochiai, A.
and Yamazaki, K.",
title="Recognition of oracle bone inscriptions by extracting principal lines using dependency matrix on hough transform",
year="2018",
volume="47",
number="4",
publisher="J. Inst. Image Electron. Eng. Jpn."
}

@InProceedings{ssd,
author="Liu, Wei
and Anguelov, Dragomir
and Erhan, Dumitru
and Szegedy, Christian
and Reed, Scott
and Fu, Cheng-Yang
and Berg, Alexander C.",
title="SSD: Single Shot MultiBox Detector",
booktitle="Computer Vision -- ECCV 2016",
year="2016",
publisher="Springer International Publishing",
address="Cham",
pages="21--37",
isbn="978-3-319-46448-0"
}