@InProceedings{tm1,
author="Meng, L.
and Tsuji, T.
and Izumi, T.
and Ochiai, A.
and Yamazaki, K.",
title="Recognition of oracle bone inscriptions by extracting principal lines using dependency matrix on hough transform",
year="2018",
volume="47",
number="4",
publisher="J. Inst. Image Electron. Eng. Jpn."
}

@InProceedings{ssd,
author="Liu, Wei
and Anguelov, Dragomir
and Erhan, Dumitru
and Szegedy, Christian
and Reed, Scott
and Fu, Cheng-Yang
and Berg, Alexander C.",
title="SSD: Single Shot MultiBox Detector",
booktitle="Computer Vision -- ECCV 2016",
year="2016",
publisher="Springer International Publishing",
address="Cham",
pages="21--37",
isbn="978-3-319-46448-0"
}

@InProceedings{edsr,
author = {Lim, Bee and Son, Sanghyun and Kim, Heewon and Nah, Seungjun and Mu Lee, Kyoung},
title = {Enhanced Deep Residual Networks for Single Image Super-Resolution},
booktitle = {The IEEE Conference on Computer Vision and Pattern Recognition (CVPR) Workshops},
month = {July},
year = {2017}
}

@Article{voc,
   author = "Everingham, M. and Eslami, S. M. A. and Van~Gool, L. and Williams, C. K. I. and Winn, J. and Zisserman, A.",
   title = "The Pascal Visual Object Classes Challenge: A Retrospective",
   journal = "International Journal of Computer Vision",
   volume = "111",
   year = "2015",
   number = "1",
   month = jan,
   pages = "98--136",
}

@misc{EfficientDet,
    title={EfficientDet: Scalable and Efficient Object Detection},
    author={Mingxing Tan and Ruoming Pang and Quoc V. Le},
    year={2019},
    eprint={1911.09070},
    archivePrefix={arXiv},
    primaryClass={cs.CV}
}

@InProceedings{rcnn,
author = {Girshick, Ross},
title = {Fast R-CNN},
booktitle = {The IEEE International Conference on Computer Vision (ICCV)},
month = {December},
year = {2015}
}

@incollection{frcnn,
title = {Faster R-CNN: Towards Real-Time Object Detection with Region Proposal Networks},
author = {Ren, Shaoqing and He, Kaiming and Girshick, Ross and Sun, Jian},
booktitle = {Advances in Neural Information Processing Systems 28},
editor = {C. Cortes and N. D. Lawrence and D. D. Lee and M. Sugiyama and R. Garnett},
pages = {91--99},
year = {2015},
publisher = {Curran Associates, Inc.}
}

@InProceedings{Cai_2018_CVPR,
author = {Cai, Zhaowei and Vasconcelos, Nuno},
title = {Cascade R-CNN: Delving Into High Quality Object Detection},
booktitle = {The IEEE Conference on Computer Vision and Pattern Recognition (CVPR)},
month = {June},
year = {2018}
}

@InProceedings{He_2017_ICCV,
author = {He, Kaiming and Gkioxari, Georgia and Dollar, Piotr and Girshick, Ross},
title = {Mask R-CNN},
booktitle = {The IEEE International Conference on Computer Vision (ICCV)},
month = {Oct},
year = {2017}
}